<?xml version="1.0" encoding="UTF-8"?><record xmlns="http://www.loc.gov/MARC21/slim" xmlns:cinclude="http://apache.org/cocoon/include/1.0" xmlns:zs="http://www.loc.gov/zing/srw/">
  <leader>00972cz  a2200229n  4500</leader>
  <controlfield tag="001">n  87944522 </controlfield>
  <controlfield tag="003">DLC</controlfield>
  <controlfield tag="005">20080919080419.0</controlfield>
  <controlfield tag="008">871116n| acannaabn          |b ana      </controlfield>
  <datafield tag="010" ind1=" " ind2=" ">
    <subfield code="a">n  87944522 </subfield>
  </datafield>
  <datafield tag="035" ind1=" " ind2=" ">
    <subfield code="a">(OCoLC)oca01981901</subfield>
  </datafield>
  <datafield tag="040" ind1=" " ind2=" ">
    <subfield code="a">DLC</subfield>
    <subfield code="b">eng</subfield>
    <subfield code="c">DLC</subfield>
    <subfield code="d">DLC</subfield>
    <subfield code="d">OCoLC</subfield>
  </datafield>
  <datafield tag="110" ind1="2" ind2=" ">
    <subfield code="a">Ḥizb al-Baʻth al-ʻArabī al-Ishtirākī (Sudan)</subfield>
  </datafield>
  <datafield tag="410" ind1="2" ind2=" ">
    <subfield code="a">Baath Party (Sudan)</subfield>
  </datafield>
  <datafield tag="410" ind1="2" ind2=" ">
    <subfield code="a">Arab Baʼth Socialist Party (Sudan)</subfield>
  </datafield>
  <datafield tag="410" ind1="2" ind2=" ">
    <subfield code="a">حزب البعث العربي الاشتراكي (سودان)</subfield>
  </datafield>
  <datafield tag="410" ind1="2" ind2=" ">
    <subfield code="a">حزب البعث العربي الاشتراني (سودان)</subfield>
  </datafield>
  <datafield tag="667" ind1=" " ind2=" ">
    <subfield code="a">Machine-derived non-Latin script reference project.</subfield>
  </datafield>
  <datafield tag="667" ind1=" " ind2=" ">
    <subfield code="a">Non-Latin script references not evaluated.</subfield>
  </datafield>
  <datafield tag="670" ind1=" " ind2=" ">
    <subfield code="a">Its The Baʼth and the problem of the Southern Sudan, 198-:</subfield>
    <subfield code="b">t.p. (The Arab Baʼth Socialist Party)</subfield>
  </datafield>
  <datafield tag="670" ind1=" " ind2=" ">
    <subfield code="a">M.E. &amp; N. Afr., 1987</subfield>
    <subfield code="b">(Baath Party: Khartoum)</subfield>
  </datafield>
  <datafield tag="670" ind1=" " ind2=" ">
    <subfield code="a">LC data base, 11-10-87</subfield>
    <subfield code="b">(hdg.: Ḥizb al-Baʻth al-ʻArabī al-Ishtirākī)</subfield>
  </datafield>
</record>